@article{bourtsoulatze2019deep,
  title={Deep joint source-channel coding for wireless image transmission},
  author={Bourtsoulatze, E. and Kurka, D. B. and G{\"u}nd{\"u}z, D.},
  journal={IEEE Transactions on Cognitive Communications and Networking},
  year={2019}
}

@article{yang2025timeliness,
  title={Timeliness-Aware Joint Source and Channel Coding for Adaptive Image Transmission},
  author={Yang, Xiaolei and Wang, Zijing and Qin, Zhijin and Tao, Xiaoming},
  note={arXiv:2509.19754, Sep 2025},
  year={2025}
}

@book{sutton2018reinforcement,
  title={Reinforcement Learning: An Introduction},
  author={Sutton, R. S. and Barto, A. G.},
  edition={2nd},
  publisher={MIT Press},
  year={2018}
}

@article{mnih2015human,
  title={Human-level control through deep reinforcement learning},
  author={Mnih, Volodymyr and others},
  journal={Nature},
  year={2015}
}

@article{schulman2017ppo,
  title={Proximal policy optimization algorithms},
  author={Schulman, John and Wolski, Filip and Dhariwal, Prafulla and Radford, Alec and Klimov, Oleg},
  journal={arXiv preprint arXiv:1707.06347},
  year={2017}
}

@article{kurka2021bandwidth,
  title={Bandwidth-agile image transmission with deep joint source-channel coding},
  author={Kurka, D. B. and G{\"u}nd{\"u}z, D.},
  journal={IEEE Transactions on Wireless Communications},
  year={2021}
}

@inproceedings{liu2021swin,
  title={Swin Transformer: Hierarchical vision transformer using shifted windows},
  author={Liu, Ze and others},
  booktitle={Proceedings of ICCV},
  year={2021}
}

@article{wang2022voi,
  title={A framework for characterizing the value of information in hidden Markov models},
  author={Wang, Z. and Badiu, M.-A. and Coon, J. P.},
  journal={IEEE Trans. on Information Theory},
  year={2022}
}

@inproceedings{bian2023deepjsccpp,
  title={DeepJSCC-1++: Robust and bandwidth-adaptive wireless image transmission},
  author={Bian, C. and Shao, Y. and G{\"u}nd{\"u}z, D.},
  booktitle={IEEE GLOBECOM},
  year={2023}
}

@article{qin2024aiwireless,
  title={AI empowered wireless communications: From bits to semantics},
  author={Qin, Z. and Liang, L. and Wang, Z. and others},
  journal={Proceedings of the IEEE},
  year={2024}
}
